% This file was created with JabRef 2.9.2.
% Encoding: Cp1252

@INCOLLECTION{Bruinsma2011,
  author = {Bruinsma, J.},
  title = {{T}he {R}esources {O}utlook: {B}y {H}ow {M}uch {D}o {L}and, {W}ater
	and {C}rop {Y}ields {N}eed to {I}ncrease by 2050?},
  booktitle = {{L}ooking {A}head in {W}orld {F}ood and {A}griculture: {P}erspectives
	to 2050},
  publisher = {{FAO}},
  year = {2011},
  editor = {Conforti, P.},
  address = {Rome},
  owner = {prakash},
  timestamp = {2011.11.19}
}

@INCOLLECTION{CEPAL2012,
  author = {{CEPAL, FAO, IICA }},
  title = {{P}erspectivas de la agricultura y del desarrollo rural en las {A}m\'ericas:
	{U}na mirada hacia {A}m\'erica {L}atina y el {C}aribe.},
  publisher = {{FAO}},
  year = {2012},
  address = {Santiago, Chile},
  owner = {prakash},
  timestamp = {2011.11.19}
}

@TECHREPORT{GPW2005,
  author = {CIESIN},
  title = {{G}ridded {P}opulation of the {W}orld},
  institution = {{Center for International Earth Science Information Network (CIESIN),
	Columbia University and Centro Internacional de Agricultura Tropical}},
  year = {2013},
  address = {New York},
  owner = {gheri},
  timestamp = {2013.02.19},
  url = {http://sedac.ciesin.columbia.edu/gpw/}
}

@TECHREPORT{NAGD2007,
  author = {CIESIN},
  title = {{N}ational {A}ggregates of {G}eospatial {D}ata: {P}opulation, {L}andscape
	and {C}limate {E}stimates, v. 2 ({PLACE} {II})},
  institution = {{CIESIN, Columbia University, Earth Institute, Palisades}},
  year = {2013},
  address = {New York},
  owner = {gheri},
  timestamp = {2013.02.19}
}

@INCOLLECTION{Prakash2011a,
  author = {FAO},
  title = {{W}hy {V}olatility {M}atters},
  booktitle = {{Safeguarding Food Security in Volatile Global Markets, ed. by Prakash,
	A}},
  publisher = {{FAO}},
  year = {2011},
  editor = {Prakash, A.},
  address = {Rome},
  owner = {prakash},
  timestamp = {2011.11.19}
}

@TECHREPORT{SOFI2013,
  author = {FAO},
  title = {{T}he {S}tate of {F}ood {I}nsecurity in the {W}orld 2013 - {T}he
	{M}ultiple {D}imensions of {F}ood {S}ecurity},
  institution = {{FAO}},
  year = {2013},
  address = {Rome},
  owner = {faonix},
  timestamp = {2011.11.28}
}

@TECHREPORT{SOFA2012,
  author = {FAO},
  title = {{T}he {S}tate of {F}ood and {A}griculture 2012 - {I}nvesting in {A}griculture
	for a {B}etter {F}uture},
  institution = {{FAO}},
  year = {2012},
  address = {Rome},
  owner = {GHERI},
  timestamp = {2011.11.28}
}

@TECHREPORT{SOFI2012,
  author = {FAO},
  title = {{T}he {S}tate of {F}ood {I}nsecurity in the {W}orld 2012 - {E}conomic
	growth is necessary but not suffcient
	
	to accelerate reduction of hunger and malnutrition},
  institution = {{FAO}},
  year = {2012},
  address = {Rome},
  owner = {faonix},
  timestamp = {2011.11.28}
}

@TECHREPORT{SOFIA2012,
  author = {FAO},
  title = {{T}he {S}tate of {W}orld {F}isheries and {A}quaculture 2012},
  institution = {{FAO}},
  year = {2012},
  address = {Rome},
  owner = {GHERI},
  timestamp = {2011.11.29}
}

@TECHREPORT{SOFO2012,
  author = {FAO},
  title = {{S}tate of the {W}orld's {F}orests 2012 - {T}he {R}ole of {F}orests
	in {H}uman {H}istory},
  institution = {{FAO}},
  year = {2012},
  address = {Rome},
  owner = {GHERI},
  timestamp = {2011.11.28}
}

@TECHREPORT{WA2009,
  author = {FAO},
  title = {{W}orld {A}griculture: {T}owards 2030/2050 - {T}he 2012 {R}evision},
  institution = {{FAO}},
  year = {2012},
  address = {Rome},
  owner = {GHERI},
  timestamp = {2011.11.29}
}

@TECHREPORT{CCWFS2011,
  author = {FAO},
  title = {{C}limate {C}hange, {W}ater and {F}ood {S}ecurity},
  institution = {{FAO}},
  year = {2011},
  address = {Rome},
  owner = {GHERI},
  timestamp = {2011.11.29},
  url = {www.ifad.org/rpr2011/}
}

@TECHREPORT{SOFA2011,
  author = {FAO},
  title = {{T}he {S}tate of {F}ood and {A}griculture 2010-11 - {W}omen in {A}griculture:
	{C}losing the {G}ender {G}ap for {D}evelopment},
  institution = {{FAO}},
  year = {2011},
  address = {Rome},
  owner = {GHERI},
  timestamp = {2011.11.28}
}

@TECHREPORT{SOFI2011,
  author = {FAO},
  title = {{T}he {S}tate of {F}ood {I}nsecurity in the {W}orld 2011 - {H}ow
	{D}oes {I}nternational {P}rice {V}olatility {A}ffect {D}omestic {E}conomies
	and {F}ood {S}ecurity?},
  institution = {{FAO}},
  year = {2011},
  address = {Rome},
  owner = {faonix},
  timestamp = {2011.11.28}
}

@TECHREPORT{SOFO2011,
  author = {FAO},
  title = {{S}tate of the {W}orld's {F}orests 2011 - {C}hanging {P}athways,
	{C}hanging {L}ives, {F}orests as {M}ultiple {P}athways to {S}ustainable
	{D}evelopment},
  institution = {{FAO}},
  year = {2011},
  address = {Rome},
  owner = {GHERI},
  timestamp = {2011.11.28}
}

@TECHREPORT{SOLAW2011,
  author = {FAO},
  title = {{T}he {S}tate of the {W}orld's {L}and and {W}ater {R}esources for
	{F}ood and {A}griculture - {M}anaging {S}ystems at {R}isk},
  institution = {{FAO}},
  year = {2011},
  address = {Rome},
  owner = {GHERI},
  timestamp = {2011.11.28}
}

@TECHREPORT{GFRA2010,
  author = {FAO},
  title = {{G}lobal {F}orest {R}esources {A}ssessment 2010 - {M}ain {R}eport},
  institution = {{FAO}},
  year = {2010},
  number = {163},
  address = {Rome},
  owner = {GHERI},
  timestamp = {2011.11.29}
}

@TECHREPORT{SOFI2010,
  author = {FAO},
  title = {{T}he {S}tate of {F}ood {I}nsecurity in the {W}orld 2010 - {A}ddressing
	{F}ood {I}nsecurity in {P}rotracted {C}rises},
  institution = {{FAO}},
  year = {2010},
  address = {Rome},
  owner = {faonix},
  timestamp = {2011.11.28}
}

@TECHREPORT{SOFIA2010,
  author = {FAO},
  title = {{T}he {S}tate of {W}orld {F}isheries and {A}quaculture 2010},
  institution = {{FAO}},
  year = {2010},
  address = {Rome},
  owner = {GHERI},
  timestamp = {2011.11.29}
}

@TECHREPORT{SOFA2009,
  author = {FAO},
  title = {{T}he {S}tate of {F}ood and {A}griculture 2009 - {L}ivestock in the
	{B}alance},
  institution = {{FAO}},
  year = {2009},
  address = {Rome},
  owner = {GHERI},
  timestamp = {2011.11.28}
}

@TECHREPORT{SOFO2009,
  author = {FAO},
  title = {{S}tate of the {W}orld's {F}orests 2009 - {S}ociety, {F}orests and
	{F}orestry: {A}dapting for the {F}uture},
  institution = {{FAO}},
  year = {2009},
  address = {Rome},
  owner = {GHERI},
  timestamp = {2011.11.29}
}

@ARTICLE{HANSEN2006,
  author = {Hansen, J. and Mki. Sato, R. and Ruedy, K. and Lo, D.W. Lea and M.
	Medina-Elizade},
  title = {2006: {G}lobal temperature change},
  journal = {Proc. Natl. Acad. Sci.},
  year = {2006},
  volume = {103},
  pages = {14288-14293},
  owner = {gheri},
  timestamp = {2013.03.20}
}

@TECHREPORT{EBNOECD,
  author = {IEA},
  title = {{E}nergy {B}alances of {N}on-{OECD} {C}ountries},
  institution = {{IEA}},
  year = {Various years{ }},
  address = {Paris},
  owner = {gheri},
  timestamp = {2013.02.19}
}

@TECHREPORT{EBOECD,
  author = {IEA},
  title = {{E}nergy {B}alances of {OECD} {C}ountries},
  institution = {{IEA}},
  year = {Various years{ }},
  address = {Paris},
  owner = {gheri},
  timestamp = {2013.02.19}
}

@TECHREPORT{ESNOECD,
  author = {IEA},
  title = {{E}nergy {S}tatistics of {N}on-{OECD} {C}ountries},
  institution = {{IEA}},
  year = {Various years{ }},
  address = {Paris},
  owner = {gheri},
  timestamp = {2013.02.19}
}

@TECHREPORT{ESOECD,
  author = {IEA},
  title = {{E}nergy {S}tatistics of {OECD} {C}ountries},
  institution = {{IEA}},
  year = {Various years{ }},
  address = {Paris},
  owner = {gheri},
  timestamp = {2013.02.19}
}

@TECHREPORT{WEO2013,
  author = {IEA},
  title = {{W}orld {E}nergy {O}utlook 2013},
  institution = {{IEA}},
  year = {2013},
  address = {Paris},
  owner = {gheri},
  timestamp = {2013.02.19}
}

@TECHREPORT{WEO2010,
  author = {IEA},
  title = {{W}orld {E}nergy {O}utlook 2010},
  institution = {{IEA}},
  year = {2010},
  address = {Paris},
  owner = {gheri},
  timestamp = {2013.02.19}
}

@TECHREPORT{WEO2009,
  author = {IEA},
  title = {{W}orld {E}nergy {O}utlook 2009 {F}act {S}heet: {W}hy {I}s {O}ur
	{C}urrent {P}athway {U}nsustainable?},
  institution = {{International Energy Agency (IEA)}},
  year = {2009},
  address = {Paris},
  owner = {gheri},
  timestamp = {2013.02.19}
}

@TECHREPORT{RPR2011,
  author = {IFAD},
  title = {{R}ural {P}overty {R}eport 2011 - {N}ew {R}ealities, {N}ew {C}hallenges:
	{N}ew {O}pportunities for {T}omorrow's {G}eneration},
  institution = {{International Fund for Agricultural Development (IFAD)}},
  year = {2011},
  address = {Rome},
  owner = {GHERI},
  timestamp = {2011.11.29}
}

@TECHREPORT{KILM,
  author = {ILO},
  title = {{K}ey {I}ndicators of the {L}abour {M}arket ({KILM})},
  institution = {{ILO}},
  year = {Various years{ }},
  address = {Geneva},
  owner = {gheri},
  timestamp = {2013.02.19}
}

@TECHREPORT{YLS,
  author = {ILO},
  title = {{Y}earbook of {L}abour {S}tatistics},
  institution = {{ILO}},
  year = {Various years{ }},
  address = {Geneva},
  owner = {gheri},
  timestamp = {2013.02.19}
}

@TECHREPORT{ILOGET13,
  author = {ILO},
  title = {{G}lobal {E}mployment {T}rends 2013 - {R}ecovering from a second
	jobs dip},
  institution = {{ILO}},
  year = {2013},
  address = {Geneva},
  owner = {gheri},
  timestamp = {2013.04.02}
}

@TECHREPORT{ILOGET12,
  author = {ILO},
  title = {{G}lobal {E}mployment {T}rends 2012. {P}reventing a deeper job crisis},
  institution = {{ILO}},
  year = {2012},
  address = {Geneva},
  owner = {gheri},
  timestamp = {2013.04.02}
}

@TECHREPORT{GNMDGEI2009,
  author = {ILO},
  title = {{G}uide to the {N}ew {M}illennium {D}evelopment {G}oals {E}mployment
	{I}ndicators},
  institution = {{International Labour Organization (ILO)}},
  year = {2009},
  address = {Geneva},
  owner = {gheri},
  timestamp = {2013.02.19}
}

@TECHREPORT{IFS,
  author = {IMF},
  title = {{I}nternational {F}inancial {S}tatistics {Y}earbook},
  institution = {{International Monetary Fund (IMF)}},
  year = {Various years{ }},
  address = {Washington, D.C.},
  owner = {gheri},
  timestamp = {2013.02.19}
}

@TECHREPORT{RLTS2011,
  author = {IUCN},
  title = {2013 {IUCN} {R}ed {L}ist of {T}hreatened {S}pecies},
  institution = {{International Union for Conservation of Nature (IUCN)}},
  year = {2013},
  address = {Switzerland},
  owner = {gheri},
  timestamp = {2013.02.19}
}

@BOOK{O'Donovan2008,
  title = {{T}he {A}tlas of {H}ealth: {M}apping the {C}hallenges and {C}auses
	of {D}isease},
  publisher = {{E}arthscan},
  year = {2008},
  author = {O'Donovan, D},
  address = {London},
  owner = {Prakash},
  timestamp = {2011.11.20}
}

@TECHREPORT{DCR,
  author = {OECD},
  title = {{D}evelopment {C}o-operation {R}eport},
  institution = {{Organization for Economic Co-operation and Development (OECD)}},
  year = {Various years{ }},
  address = {Paris},
  owner = {gheri},
  timestamp = {2013.02.19}
}

@TECHREPORT{GDFFDE,
  author = {OECD},
  title = {{G}eographical {D}istribution of {F}inancial {F}lows to {D}eveloping
	{E}conomies},
  institution = {{OECD}},
  year = {Various years{ }},
  address = {Paris},
  owner = {gheri},
  timestamp = {2013.02.19}
}

@TECHREPORT{AO2012,
  author = {{OECD and FAO}},
  title = {{A}gricultural {O}utlook 2012-2021},
  institution = {{Organisation for Economic Co-operation and Development (OECD) and
	FAO}},
  year = {2012},
  owner = {gheri},
  timestamp = {2013.03.22}
}

@TECHREPORT{GIS2008,
  author = {{Partnership on Measuring ICT for Development}},
  title = {{T}he {G}lobal {I}nformation {S}ociety: {A} {S}tatistical {V}iew},
  institution = {{U}nited {N}ations},
  year = {2008},
  address = {Santiago},
  owner = {gheri},
  timestamp = {2013.02.19}
}

@MANUAL{Rproject,
  title = {{R}: {A} {L}anguage and {E}nvironment for {S}tatistical {C}omputing},
  author = {{R Core Team}},
  organization = {R Foundation for Statistical Computing},
  address = {Vienna, Austria},
  year = {2012},
  note = {{ISBN} 3-900051-07-0},
  url = {http://www.R-project.org/}
}

@INCOLLECTION{Schmidhuber2011,
  author = {{Schmidhuber, J. and Bruinsma, J.}},
  title = {{I}nvesting {T}owards a {W}orld {F}ree of {H}unger, {L}owering {V}ulnerability
	and {E}nhancing {R}esilience},
  booktitle = {{S}afeguarding {F}ood {S}ecurity in {V}olatile {G}lobal {M}arkets},
  publisher = {{FAO}},
  year = {2011},
  editor = {Prakash, A.},
  address = {Rome},
  owner = {prakash},
  timestamp = {2011.11.19}
}

@INCOLLECTION{Schmidhuber2011a,
  author = {Schmidhuber, J. and Bruinsma, J. and G. Boedeker},
  title = {{C}apital {R}equirements for {A}griculture in {D}veloping {C}ountries
	to 2050},
  booktitle = {{L}ooking {A}head in {W}orld {F}ood and {A}griculture: {P}erspectives
	to 2050},
  publisher = {{F}ood and {A}griculture {O}rganization},
  year = {2011},
  editor = {Conforti, P.},
  owner = {prakash},
  timestamp = {2011.11.19}
}

@TECHREPORT{FSSUIACC2009,
  author = {UN},
  title = {{F}act {S}heet: {S}tepping {U}p {I}nternational {A}ction on {C}limate
	{C}hange: {T}he {R}oad to {C}openhagen},
  institution = {{U}nited {N}ations {F}ramework {C}onvention on {C}limate {C}hange},
  year = {2009},
  address = {New York},
  owner = {gheri},
  timestamp = {2013.02.19}
}

@TECHREPORT{UNFCCC2009,
  author = {UN},
  title = {{C}openhagen {A}ccord},
  institution = {{U}nited {N}ations {F}ramework {C}onvention on {C}limate {C}hange},
  year = {2009},
  address = {Copenhagen},
  owner = {gheri},
  timestamp = {2013.02.19}
}

@TECHREPORT{ISICAEA1990,
  author = {UN},
  title = {{I}nternational {S}tandard {I}ndustrial {C}lassification of {A}ll
	{E}conomic {A}ctivities, 4th {R}evision. {S}tatistical {P}apers {S}eries
	{M}, {N}o. 4, {R}ev. 4},
  institution = {{United Nations (UN)}},
  year = {2008},
  address = {New York},
  owner = {gheri},
  timestamp = {2013.02.19}
}

@TECHREPORT{KPUNFCCC1992,
  author = {UN},
  title = {{K}yoto {P}rotocol to the {U}nited {N}ations {F}ramework {C}onvention
	on {C}limate {C}hange},
  institution = {{U}nited {N}ations {F}ramework {C}onvention on {C}limate {C}hange},
  year = {2008},
  address = {New York},
  owner = {gheri},
  timestamp = {2013.02.19}
}

@TECHREPORT{HDR2011,
  author = {UNDP},
  title = {{H}uman {D}evelopment {R}eport - {S}ustainability and {E}quity: {A}
	{B}etter {F}uture for {A}ll},
  institution = {{UNDP}},
  year = {2011},
  address = {New York},
  owner = {gheri},
  timestamp = {2013.02.18}
}

@TECHREPORT{HDR2010,
  author = {UNDP},
  title = {{H}uman {D}evelopment {R}eport - {T}he {R}eal {W}ealth of {N}ations:
	{P}athways to {H}uman {D}evelopment},
  institution = {{United Nations Development Programme (UNDP)}},
  year = {2010},
  address = {New York},
  owner = {GHERI},
  timestamp = {2011.11.29}
}

@TECHREPORT{EFAGMR,
  author = {UNESCO},
  title = {{EFA} {G}lobal {M}onitoring {R}eport},
  institution = {{UNESCO}},
  year = {Various years{ }},
  address = {Paris},
  owner = {gheri},
  timestamp = {2013.02.19}
}

@TECHREPORT{GED,
  author = {UNESCO},
  title = {{G}lobal {E}ducation {D}igest},
  institution = {{UNESCO}},
  year = {Various years{ }},
  address = {Paris},
  owner = {gheri},
  timestamp = {2013.02.19}
}

@TECHREPORT{ISCE1997,
  author = {UNESCO},
  title = {{I}nternational {S}tandard {C}lassification of {E}ducation, 2011
	Revision},
  institution = {{United Nations Educational, Scientific, and Cultural Organization
	(UNESCO)}},
  year = {2011},
  address = {Paris},
  owner = {gheri},
  timestamp = {2013.02.19}
}

@TECHREPORT{USR2010,
  author = {UNESCO},
  title = {{UNESCO} {S}cience {R}eport 2010},
  institution = {{UNESCO}},
  year = {2010},
  address = {Paris},
  owner = {gheri},
  timestamp = {2013.02.19}
}

@TECHREPORT{WWDR2009,
  author = {UNESCO},
  title = {{W}orld {W}ater {D}evelopment {R}eport 3: {W}ater in a {C}hanging
	{W}orld},
  institution = {{UNESCO}},
  year = {2009},
  address = {Paris},
  owner = {gheri},
  timestamp = {2013.02.19}
}

@TECHREPORT{WUP,
  author = {UNPD},
  title = {{W}orld {U}rbanization {P}rospects},
  institution = {{UNPD, United Nations, Department of Economic and Social Affairs}},
  year = {Various years{}},
  address = {New York},
  owner = {gheri},
  timestamp = {2013.02.19}
}

@TECHREPORT{TTMS2009,
  author = {UNPD},
  title = {{T}rends in {T}otal {M}igrant {S}tock: 2013 {R}evision},
  institution = {{United Nations Population Division (UNPD), United Nations, Department
	of Economic and Social Affairs}},
  year = {2013},
  address = {New York},
  owner = {gheri},
  timestamp = {2013.02.19}
}

@TECHREPORT{WPP2011,
  author = {UNPD},
  title = {{W}orld {P}opulation {P}rospects: {T}he 2010 {R}evision},
  institution = {{UNPD, United Nations, Department of Economic and Social Affairs}},
  year = {2011},
  address = {New York},
  owner = {gheri},
  timestamp = {2013.02.19}
}

@INCOLLECTION{Cramon-Taubadel2011,
  author = {{von Cramon-Taubadel, S. and Gustavo, A. and de Haen, H. and Nivyevskyi,
	O.}},
  title = {{I}nvestment in {D}eveloping {C}ountries {F}ood and {A}griculture
	- {A}ssessing {A}gricultural {C}apital {S}tocks and {T}heir {I}mpact
	on {P}roductivity},
  booktitle = {{L}ooking {A}head in {W}orld {F}ood and {A}griculture: {P}erspectives
	to 2050},
  publisher = {{FAO}},
  year = {2011},
  editor = {Conforti, P},
  address = {Rome},
  owner = {prakash},
  timestamp = {2011.11.19}
}

@TECHREPORT{PDWS2012,
  author = {{WHO and UNICEF}},
  title = {{P}rogress on {D}rinking {W}ater and {S}anitation},
  institution = {{World Health Organization (WHO) and United Nations Children's Fund
	(UNICEF)}},
  year = {2012},
  address = {New York},
  owner = {gheri},
  timestamp = {2013.02.18}
}

@TECHREPORT{WDI,
  author = {{World Bank}},
  title = {{W}orld {D}evelopment {I}ndicators - {V}arious issues},
  institution = {{WB}},
  year = {Various years{ }},
  address = {Washington, D.C.},
  owner = {gheri},
  timestamp = {2013.02.19}
}

@BOOK{WDR2013,
  title = {{W}orld {D}evelopment {R}eport 2013: {J}obs},
  publisher = {{O}xford {U}niversity {P}ress},
  year = {2013},
  author = {{World Bank}},
  address = {New York},
  owner = {gheri},
  timestamp = {2013.02.19}
}

@TECHREPORT{GMR2012,
  author = {{World Bank and IMF}},
  title = {{G}lobal {M}onitoring {R}eport: {F}ood {P}rices, {N}utrition, and
	the {M}illennium {D}evelopment {G}oals},
  institution = {{World Bank and International Monetary Fund (IMF)}},
  year = {2012},
  address = {Washington, D.C.},
  owner = {gheri},
  timestamp = {2013.02.19}
}

@BOOK{Prakash2011,
  title = {{S}afeguarding {F}ood {S}ecurity in {V}olatile {G}lobal {M}arkets},
  publisher = {{FAO}},
  year = {2011},
  editor = {Prakash, Adam},
  address = {Rome},
  booktitle = {{S}afeguarding food security in volatile global markets},
  owner = {prakash},
  timestamp = {2011.11.19},
  url = {www.fao.org/economic/est/issues/volatility/vgm/en/}
}

@comment{jabref-meta: selector_publisher:}

@comment{jabref-meta: selector_author:}

@comment{jabref-meta: selector_journal:}

@comment{jabref-meta: selector_keywords:}

